@article{shannon1948,
  title={A mathematical theory of communication},
  author={Shannon, Claude Elwood},
  journal={Bell System Technical Journal},
  volume={27},
  number={3},
  pages={379--423},
  year={1948},
  publisher={Wiley Online Library}
}

@book{kuhn1962,
  title={The Structure of Scientific Revolutions},
  author={Kuhn, Thomas S},
  year={1962},
  publisher={University of Chicago Press}
}
